<?xml version="1.0" encoding="UTF-8"?><record xmlns="http://www.loc.gov/MARC21/slim" xmlns:cinclude="http://apache.org/cocoon/include/1.0" xmlns:zs="http://www.loc.gov/zing/srw/">
  <leader>00752nz  a2200169n  4500</leader>
  <controlfield tag="001">nb2005007708</controlfield>
  <controlfield tag="003">DLC</controlfield>
  <controlfield tag="005">20050616052016.0</controlfield>
  <controlfield tag="008">050615n| acannaabn          |a ana      </controlfield>
  <datafield tag="010" ind1=" " ind2=" ">
    <subfield code="a">nb2005007708</subfield>
  </datafield>
  <datafield tag="035" ind1=" " ind2=" ">
    <subfield code="a">(Uk)006207807</subfield>
  </datafield>
  <datafield tag="040" ind1=" " ind2=" ">
    <subfield code="a">Uk</subfield>
    <subfield code="b">eng</subfield>
    <subfield code="c">Uk</subfield>
  </datafield>
  <datafield tag="110" ind1="2" ind2=" ">
    <subfield code="a">Association of Medical Secretaries, Practice Managers, Administrators and Receptionists</subfield>
  </datafield>
  <datafield tag="410" ind1="2" ind2=" ">
    <subfield code="a">AMSPAR</subfield>
  </datafield>
  <datafield tag="510" ind1="2" ind2=" ">
    <subfield code="w">a</subfield>
    <subfield code="a">Association of Medical Secretaries, Practice Administrators and Receptionists</subfield>
  </datafield>
  <datafield tag="670" ind1=" " ind2=" ">
    <subfield code="a">AMSPAR professional, vol.19, no.1 (2004):</subfield>
    <subfield code="b">p.3 (Association of Medical Secretaries, Practice Managers, Administrators and Receptionists; AMSPAR)</subfield>
  </datafield>
  <datafield tag="675" ind1=" " ind2=" ">
    <subfield code="a">AMSPAR magazine, Winter 2003: t.p. (Association of Medical Secretaries, Practice Administrators and Receptionists)</subfield>
  </datafield>
</record>